<?xml version="1.0" encoding="UTF-8"?><collection xmlns="http://www.loc.gov/MARC21/slim"><record><leader>00327nam--2200133-i-4500</leader><controlfield tag="001">000016588</controlfield><controlfield tag="002">20161230</controlfield><controlfield tag="005">20161230201031</controlfield><controlfield tag="008">060222s1000------------r-----000-0-eng-d</controlfield><datafield ind1=" " ind2=" " tag="100"><subfield code="a">Odagescu, Ion</subfield></datafield><datafield ind1=" " ind2=" " tag="245"><subfield code="a">Toma, marin</subfield></datafield><datafield ind1=" " ind2=" " tag="260"><subfield code="a">Metode Numerice Si Subrutine</subfield></datafield><datafield ind1=" " ind2=" " tag="490"><subfield code="a">Bucuresti, Ed. Tehnica, 1980. 216 P</subfield></datafield><datafield ind1=" " ind2=" " tag="852"><subfield code="a">519.61</subfield></datafield></record></collection>